@comment{x-kbibtex-encoding=utf-8}

@book{crites,
	author = {Crites, Ron and Tchobanoglous, George},
	isbn = {9584100424; 9789584100429},
	location = {Santafé de Bogotá},
	publisher = {McGraw-Hill Santafé de Bogotá},
	risfield_0_la = {spa},
	risfield_1_lk = {https://worldcat.org/title/52537025},
	title = {Tratamiento de aguas residuales en pequeñas poblaciones},
	year = {2000}
}

