@comment{x-kbibtex-encoding=utf-8}

@book{martinez1999,
	author = {Sergio Alejandro {Martínez Delgadillo}},
	edition = {1a},
	isbn = {970-654-243-4},
	location = {México, D.F},
	publisher = {Universidad Autónoma Metropolitana, Unidad Azcapotzalco, División de Ciencias Básicas e Ingeniería, Departamento de Energía},
	risfield_1_m1 = {Book, Whole},
	title = {Parámetros de diseños de sistemas de tratamiento de aguas residuales: métodos experimentales},
	year = {1999}
}

@book{delgadillo2005,
	author = {S. A. {Martínez Delgadillo} and M. G. {Rodríguez Rosales}},
	isbn = {9789686708578},
	publisher = {Editorial Reverte},
	risfield_0_m1 = {Book, Whole},
	title = {Tratamiento de aguas residuales con Matlab},
	year = {2005}
}

@book{ferrer2008,
	author = {José {Ferrer Polo} and Aurora {Seco Torrecillas}},
	isbn = {8413960169},
	location = {Valencia},
	publisher = {Universitat Politècnica de València},
	risfield_0_m1 = {Book, Whole},
	title = {Tratamientos biológicos de aguas residuales},
	year = {2008}
}

@book{lazcano2016,
	author = {César Augusto {Lazcano Carreño}},
	edition = {2da},
	isbn = {9587713443},
	location = {Lima, Perú},
	publisher = {Ecoe Ediciones},
	risfield_0_t2 = {Ingeniería y salud en el trabajo. Ingeniería ambiental},
	risfield_2_m1 = {Book, Whole},
	title = {Biotecnología ambiental de aguas y aguas residuales},
	year = {2016}
}

@book{crites2000,
	author = {Ron Crites and George Tchobanoglous},
	edition = {1a},
	isbn = {9584100424; 9789584100429},
	location = {Santafé de Bogotá},
	publisher = {McGraw-Hill Interamericana, S.A.},
	risfield_1_la = {spa},
	risfield_2_m1 = {Book, Whole},
	title = {Tratamiento de aguas residuales en pequeñas poblaciones},
	year = {2000}
}

@book{metcalf2003,
	author = {George Tchobanoglous and Franklin L. Burton and H. David Stensel},
	edition = {4ta},
	location = {Boston, Massachusetts},
	publisher = {McGraw-Hill},
	series = {McGraw-Hill Series in Civil and Environmental Engineering},
	title = {Wastewater Engineering: Treatment \& Reuse},
	year = {2004}
}

@book{marcos2007,
	author = {Marcos {von Sperling}},
	location = {Londres, U.K.},
	note = {Disponible en: \url{https://www.gob.mx/cms/uploads/attachment/file/135611/Wastwater.pdf}},
	publisher = {IWA Publishing},
	series = {Biological Wastewater Treatment},
	title = {Wastewater characteristics treatment and disposal},
	url = {https://www.gob.mx/cms/uploads/attachment/file/135611/Wastwater.pdf},
	volume = {1},
	year = {2007}
}

@inproceedings{AmbrizSepulveda2022,
	author = {Valeria {Ambriz Sepúlveda} and {Ivar Oswaldo} {Cach Junco} and {Nancy Guillermina} {Lankenau Vela} and {Jesús Adrián} {Ochoa Garza} and {María Guadalupe} {Paredes Figueroa}},
	booktitle = {Asociación Interamericana de Ingeniería Sanitaria y Ambiental (AIDIS)},
	day = {17},
	language = {Spanish},
	month = nov,
	pages = {640–648},
	title = {Gestión Integral del sector de tratamiento de aguas residuales municipales en México bajo un enfoque de economía circular.},
	year = {2022}
}

@misc{GobiernoPeru2019,
	author = {{Gobierno de Perú}},
	month = oct,
	note = {Disponible en: \url{https://www.gob.pe/institucion/minam/informes-publicaciones/308391-estandar-de-calidad-ambiental}},
	timestamp = {2023-08-21},
	title = {Estándar de Calidad Ambiental},
	url = {https://www.gob.pe/institucion/minam/informes-publicaciones/308391-estandar-de-calidad-ambiental},
	year = {2019}
}

@manual{Economia2015,
	author = {{Secretaría de Economía}},
	note = {Disponible en: \url{https://www.gob.mx/cms/uploads/attachment/file/166146/nmx-aa-034-scfi-2015.pdf}},
	organization = {Gobierno de México},
	publisher = {Diario Oficial de la Nación},
	title = {Norma Mexicana NMX-AA-034-SCFI-2015 - Medición de sólidos y sales disueltas en aguas naturales, residuales y tratadas.},
	year = {2015}
}

@article{Ruiz2010,
	abstract = {Las políticas públicas se consideran como el proceso de aprendizaje colectivo entre sociedad y gobierno, donde la comunicación democrática ayuda en la solución de conflictos. Para el recurso agua, los problemas no son recientes pero sí persistentes y han dado lugar a la realización de políticas públicas desde hace más de treinta años tratando de encontrar soluciones para un manejo adecuado de este recurso. Este artículo aborda la evolución del enfoque de las políticas públicas realizadas a nivel internacional, y también se analiza su trascendencia en el nivel nacional y local, contemplando un estudio de caso realizado en el municipio de Zapotitlán de Vadillo, Jalisco, México, del que se expone su situación actual del manejo del agua desde un enfoque de gobernanza.},
	author = {Silvia {Salcido Ruiz} and Peter R. W. Gerritsen and {Luis Manuel} {Martínez R.}},
	issn = {0186-1840},
	journal = {El Cotidiano},
	language = {Español},
	note = {Disponible en: \url{https://www.redalyc.org/articulo.oa?id=32513882010}},
	number = {162},
	title = {Gobernanza del agua a nivel local: Estudio de caso en el municipio de Zapotitlán de Vadillo, Jalisco},
	url = {https://www.redalyc.org/articulo.oa?id=32513882010},
	year = {2010}
}

@book{Fair2008,
	address = {México},
	author = {Gordon M. Fair and John C. Geyer and Daniel A. Okun},
	edition = {4a},
	publisher = {Limusa},
	title = {Purificación de aguas y tratamiento y remoción de aguas residuales},
	volume = {2},
	year = {2008}
}

@manual{NOM2021,
	author = {{Secretaría de Medio Ambiente y Recursos Naturales (SEMARNAT)}},
	journal = {Diario Oficial de la Nación},
	localfile = {DOI},
	location = {México},
	note = {Disponible en: \url{https://agua.org.mx/wp-content/uploads/2022/03/DOF-NOM-001-SEMARNAT-2021.pdf}},
	title = {Norma Oficial Mexicana NOM-001-SEMARNAT-2021},
	year = {2022}
}

@book{Ortiz2013,
	author = {{Gustavo Armando} {Ortiz Rendón} and {Flor V.} {Cruz Gutiérrez}},
	location = {Jiutepec, Morelos},
	publisher = {Instituto Mexicano de Tecnología del Agua},
	title = {Legislación y cultura del agua. Conceptos básicos de administración y legislación del agua en México},
	year = {2013}
}

@manual{Economia2001,
	author = {{Secretaría de Economía}},
	note = {Disponible en: \url{https://www.gob.mx/cms/uploads/attachment/file/166768/NMX-AA-012-SCFI-2001.pdf}},
	organization = {Gobierno de México},
	publisher = {Diario Oficial de la Nación},
	title = {Norma Mexicana NMX-AA-012-SCFI-2001 Determinación de oxígeno disuelto en aguas naturales, residuales y residuales tratadas – Método de prueba (cancela a la NMX-AA-012-1980)},
	year = {2001}
}

@manual{Economia2010,
	author = {{Secretaría de Economía}},
	note = {Disponible en: \url{https://www.gob.mx/cms/uploads/attachment/file/166772/NMX-AA-026-SCFI-2010.pdf}},
	organization = {Gobierno de México},
	publisher = {Diario Oficial de la Nación},
	title = {Norma Mexicana NMX-AA-026-SCFI-2010 Medición de nitrógeno total kjeldahl en aguas naturales, residuales y residuales tratadas - Método de prueba - (Cancela a la NMX-AA-026-SCFI-2001)},
	year = {2010}
}

@manual{Economia2016,
	author = {{Secretaría de Economía}},
	note = {Disponible en: \url{https://www.gob.mx/cms/uploads/attachment/file/166767/NMX-AA-008-SCFI-2016.pdf}},
	organization = {Gobierno de México},
	publisher = {Diario Oficial de la Nación},
	title = {Norma Mexicana NMX-AA-008-SCFI-2016 Medición del pH en aguas naturales, residuales y residuales tratadas - Método de prueba- (Cancela a la NMX-AA-008-SCFI-2011)},
	year = {2016}
}

@manual{Economia2001dbo,
	author = {{Secretaría de Economía}},
	note = {Disponible en: \url{http://www.economia-nmx.gob.mx/normas/nmx/2001/nmx-aa-028-scfi-2001.pdf}},
	organization = {Gobierno de México},
	publisher = {Diario Oficial de la Nación},
	title = {Norma Mexicana NMX-AA-028-SCFI-2001 Determinación de la Demanda Bioquímica de Oxígeno en aguas naturales, residuales (DBO\textsubscript{5}) y residuales tratadas - Método de prueba (Cancela a la NMX-AA-028-1981)},
	year = {2001}
}

@manual{Economia2011,
	author = {{Secretaría de Economía}},
	note = {Disponible en: \url{https://www.gob.mx/cms/uploads/attachment/file/166775/NMX-AA-030-2-SCFI-2011.pdf}},
	organization = {Gobierno de México},
	publisher = {Diario Oficial de la Nación},
	title = {Norma Mexicana NMX-AA-030/2-SCFI-2011 Determinación de la Demanda Química de Oxígeno en aguas naturales, residuales y residuales tratadas - Método de prueba - Parte 2 - Determinación del índice de la demanda química de oxígeno – Método de tubo sellado a pequeña escala},
	year = {2011}
}

@article{INEGIJAL,
	author = {INEGI},
	journal = {Cuentame},
	note = {Disponible en: \url{https://cuentame.inegi.org.mx/monografias/informacion/jal/poblacion/}},
	title = {Número de habitantes.{ Jalisco}},
	year = {n.d.}
}

@article{Lagosjal,
	author = {{Gobierno de Jalisco}},
	journal = {Municipios de Jalisco},
	title = {Lagos de {Moreno}},
	url = {https://www.jalisco.gob.mx/es/jalisco/municipios/lagos-de-moreno},
	year = {n.d.}
}

@article{Eunice2022,
	abstract = {Durante el segundo trimestre de 2022, Guadalajara tuvo una absorción industrial bruta de 1.45 millones de pies cuadrados, con lo que se conviritó en la},
	author = {Perla Eunice},
	journal = {Mexico Industry},
	note = {Disponible en: \url{https://mexicoindustry.com/noticia/guadalajara-la-ciudad-con-mayor-crecimiento-industrial-del-bajio-}},
	title = {Guadalajara: la ciudad con mayor crecimiento industrial del bajío},
	year = {2022}
}

@article{Hanchang2009,
	author = {SHI Hanchang},
	journal = {Point sources of pollution: Local effects and their control},
	note = {Disponible en: \url{https://books.google.com.mx/books?hl=es&lr=&id=dq2kCwAAQBAJ&oi=fnd&pg=PA191&dq=industrial+wastewater&ots=4u-1QIXVDy&sig=LuS6kXBqh5CQn3A9yYQCozcckLA&redir_esc=y#v=onepage&q=industrial%20wastewater&f=false}},
	title = {Industrial wastewater-types, amounts and effects},
	volume = {2},
	year = {2009}
}

@incollection{Gerba2019,
	author = {Charles P Gerba and Ian L Pepper},
	booktitle = {Environmental and pollution science},
	doi = {10.1016/b978-0-12-814719-1.00022-7},
	pages = {393–418},
	publisher = {Elsevier},
	title = {Municipal wastewater treatment},
	year = {2019}
}

@article{Noyola2012,
	author = {Adalberto Noyola and Alejandro Padilla-Rivera and Juan Manuel Morgan-Sagastume and Leonor Patricia Güereca and Flor Hernández-Padilla},
	doi = {10.1002/clen.201100707},
	journal = {Clean – Soil, Air, Water},
	number = {9},
	pages = {926–932},
	publisher = {Wiley Online Library},
	title = {Typology of municipal wastewater treatment technologies in Latin America},
	volume = {40},
	year = {2012}
}

@article{Sikosana2019,
	author = {Mmontshi L Sikosana and Keneiloe Sikhwivhilu and Richard Moutloali and Daniel M Madyira},
	doi = {10.1016/j.promfg.2019.06.051},
	journal = {Procedia Manufacturing},
	pages = {1018–1024},
	publisher = {Elsevier},
	title = {Municipal wastewater treatment technologies: A review},
	volume = {35},
	year = {2019}
}

@article{zambrano2009,
	author = {Xavier Zambrano and Xavier Saltos and Franklin Villamar},
	journal = {Escuela Superior Politécnica del Litoral},
	note = {Tesis de grado. Disponible en: \url{http://www.dspace.espol.edu.ec/handle/123456789/6087}},
	title = {Diseño del Sistema de Tratamiento para la Depuración de las Aguas Residuales Domésticas de la Población {San Eloy} en la Provincia de {Manabí} por medio de un Sistema de Tratamiento Natural compuesto por un Humedal Artificial de Flujo Libre},
	year = {2009}
}

